@article{Ganskopp1986,
annote = {has sapwood area to leaf area
- can get SLA from data given
- range for latosa: 1,350-5,220 with a mean of 3,200

- says turn over more than 50{\%} of leaf weight each year},
author = {Ganskopp, D and Miller, R},
file = {:Users/poulterlab1/Documents/Mendeley Desktop/Ganskopp, Miller - 1986 - Estimating leaf area of big sagebrush from measurement of sapwood.pdf:pdf},
journal = {Journal of Range Management},
number = {4},
pages = {338--340},
title = {{Estimating leaf area of big sagebrush from measurement of sapwood}},
volume = {39},
year = {1986}
}
